
  <record>
    <leader>01000aam  22002601a 4500</leader>
    <controlfield tag="001">YPZ2572</controlfield>
    <controlfield tag="003">YPZ</controlfield>
    <controlfield tag="005">200404290000000</controlfield>
    <controlfield tag="008">040429|###########||||||b||||||||||spa|d</controlfield>
    <datafield tag="020" ind1=" " ind2=" ">
      <subfield code="a">8488730225</subfield>
    </datafield>
    <datafield tag="040" ind1=" " ind2=" ">
      <subfield code="c">SIUNPA</subfield>
    </datafield>
    <datafield tag="041" ind1=" " ind2=" ">
      <subfield code="a">spa</subfield>
    </datafield>
    <datafield tag="044" ind1=" " ind2=" ">
      <subfield code="a">ES</subfield>
    </datafield>
    <datafield tag="082" ind1=" " ind2=" ">
      <subfield code="a">821.161.1 T937r</subfield>
    </datafield>
    <datafield tag="100" ind1=" " ind2=" ">
      <subfield code="a">Turguéniev, Iván.</subfield>
    </datafield>
    <datafield tag="245" ind1=" " ind2=" ">
      <subfield code="a">Rudin</subfield>
      <subfield code="c"> / García Gabaldón, Jesús, tr.</subfield>
    </datafield>
    <datafield tag="250" ind1=" " ind2=" ">
      <subfield code="a">1a ed.</subfield>
    </datafield>
    <datafield tag="260" ind1=" " ind2=" ">
      <subfield code="a">Barcelona</subfield>
      <subfield code="b"> : Alba</subfield>
      <subfield code="c"> , 1997</subfield>
    </datafield>
    <datafield tag="300" ind1=" " ind2=" ">
      <subfield code="a">165 p. : </subfield>
    </datafield>
    <datafield tag="440" ind1=" " ind2=" ">
      <subfield code="a">Educación y conocimiento</subfield>
      <subfield code="a">Colección Educación y conocimiento</subfield>
      <subfield code="a">Colección Estructuras y procesos. Serie Filosofía</subfield>
      <subfield code="a">Colección Estructuras y procesos. Serie Ciencias Sociales</subfield>
      <subfield code="a">Colección Estructuras y procesos. Serie Filosofía</subfield>
      <subfield code="a">Colección Educación para la diversidad</subfield>
      <subfield code="a">Colección biblioteca de Educación</subfield>
      <subfield code="a">Biblioteca de Educación</subfield>
      <subfield code="a">Colección Educación para la diversidad</subfield>
      <subfield code="a">Itaca</subfield>
      <subfield code="a">Colección tablero</subfield>
      <subfield code="a">Biblioteca de Educación</subfield>
      <subfield code="a">Colección normas</subfield>
      <subfield code="a">Colección normas</subfield>
      <subfield code="a">Alba clásica</subfield>
      <subfield code="v">15</subfield>
    </datafield>
    <datafield tag="490" ind1=" " ind2=" ">
      <subfield code="a">Educación y conocimiento</subfield>
      <subfield code="a">Colección Educación y conocimiento</subfield>
      <subfield code="a">Colección Estructuras y procesos. Serie Filosofía</subfield>
      <subfield code="a">Colección Estructuras y procesos. Serie Ciencias Sociales</subfield>
      <subfield code="a">Colección Estructuras y procesos. Serie Filosofía</subfield>
      <subfield code="a">Colección Educación para la diversidad</subfield>
      <subfield code="a">Colección biblioteca de Educación</subfield>
      <subfield code="a">Biblioteca de Educación</subfield>
      <subfield code="a">Colección Educación para la diversidad</subfield>
      <subfield code="a">Itaca</subfield>
      <subfield code="a">Colección tablero</subfield>
      <subfield code="a">Biblioteca de Educación</subfield>
      <subfield code="a">Colección normas</subfield>
      <subfield code="a">Colección normas</subfield>
      <subfield code="a">Alba clásica</subfield>
      <subfield code="v">15</subfield>
    </datafield>
    <datafield tag="942" ind1=" " ind2=" ">
      <subfield code="c">BK</subfield>
    </datafield>
    <datafield tag="952" ind1=" " ind2=" ">
      <subfield code="a">BIB_UASJ</subfield>
      <subfield code="b">BIB_UASJ</subfield>
      <subfield code="d">2005-08-23</subfield>
      <subfield code="y">BK</subfield>
      <subfield code="p">04-20993</subfield>
    </datafield>
  </record>