
  <record>
    <leader>01000aam  22002601a 4500</leader>
    <controlfield tag="001">YPZ2577</controlfield>
    <controlfield tag="003">YPZ</controlfield>
    <controlfield tag="005">200507290000000</controlfield>
    <controlfield tag="008">050729|###########||||||b||||||||||spa|d</controlfield>
    <datafield tag="020" ind1=" " ind2=" ">
      <subfield code="a">8489627320</subfield>
    </datafield>
    <datafield tag="040" ind1=" " ind2=" ">
      <subfield code="c">SIUNPA</subfield>
    </datafield>
    <datafield tag="041" ind1=" " ind2=" ">
      <subfield code="a">spa</subfield>
    </datafield>
    <datafield tag="044" ind1=" " ind2=" ">
      <subfield code="a">ES</subfield>
    </datafield>
    <datafield tag="082" ind1=" " ind2=" ">
      <subfield code="a">629.5 C758c</subfield>
    </datafield>
    <datafield tag="110" ind1=" " ind2=" ">
      <subfield code="a">Simposio de Historia de Las Técnicas (1 : 1995 : Cantabria).</subfield>
    </datafield>
    <datafield tag="245" ind1=" " ind2=" ">
      <subfield code="a">La construcción naval y la navegación</subfield>
      <subfield code="c"> / Achútegui Rodríguez, Juan José,  coordinador ; Castanedo Galán, Juan M., coordinador ; Cisneros Cunchillos, Miguel, coordinador ; Llombart Palet, José, coordinador ; Sociedad Española de Historia de las Ciencias y las Técnicas, org. ; Universidad de Cantabria, org</subfield>
    </datafield>
    <datafield tag="260" ind1=" " ind2=" ">
      <subfield code="a">El Astillero</subfield>
      <subfield code="b"> : Universidad de Cantabria</subfield>
      <subfield code="c"> , 1996</subfield>
    </datafield>
    <datafield tag="300" ind1=" " ind2=" ">
      <subfield code="a">534 p. : </subfield>
      <subfield code="b">il. ; </subfield>
    </datafield>
    <datafield tag="942" ind1=" " ind2=" ">
      <subfield code="c">BK</subfield>
    </datafield>
    <datafield tag="952" ind1=" " ind2=" ">
      <subfield code="a">BIB_UARG</subfield>
      <subfield code="b">BIB_UARG</subfield>
      <subfield code="d">2005-08-23</subfield>
      <subfield code="y">BK</subfield>
      <subfield code="p">05-28009</subfield>
    </datafield>
  </record>