
  <record>
    <leader>01000aam  22002601a 4500</leader>
    <controlfield tag="001">YPZ2617</controlfield>
    <controlfield tag="003">YPZ</controlfield>
    <controlfield tag="005">200502140000000</controlfield>
    <controlfield tag="008">050214|###########||||||b||||||||||spa|d</controlfield>
    <datafield tag="020" ind1=" " ind2=" ">
      <subfield code="a">849559465X</subfield>
    </datafield>
    <datafield tag="040" ind1=" " ind2=" ">
      <subfield code="c">SIUNPA</subfield>
    </datafield>
    <datafield tag="041" ind1=" " ind2=" ">
      <subfield code="a">spa</subfield>
    </datafield>
    <datafield tag="044" ind1=" " ind2=" ">
      <subfield code="a">ES</subfield>
    </datafield>
    <datafield tag="082" ind1=" " ind2=" ">
      <subfield code="a">821.134.2(82) G984j</subfield>
    </datafield>
    <datafield tag="100" ind1=" " ind2=" ">
      <subfield code="a">Gutiérrez, Eduardo.</subfield>
    </datafield>
    <datafield tag="245" ind1=" " ind2=" ">
      <subfield code="a">Juan Moreira</subfield>
      <subfield code="c"> / Laera, Alejandra, pról.</subfield>
    </datafield>
    <datafield tag="260" ind1=" " ind2=" ">
      <subfield code="a">Barcelona</subfield>
      <subfield code="b"> : Sol 90</subfield>
      <subfield code="b"> : AGEA</subfield>
      <subfield code="c"> , 2001</subfield>
    </datafield>
    <datafield tag="300" ind1=" " ind2=" ">
      <subfield code="a">249 p. : </subfield>
    </datafield>
    <datafield tag="440" ind1=" " ind2=" ">
      <subfield code="a">La biblioteca argentina. Serie clásicos</subfield>
      <subfield code="v">11</subfield>
    </datafield>
    <datafield tag="490" ind1=" " ind2=" ">
      <subfield code="a">La biblioteca argentina. Serie clásicos</subfield>
      <subfield code="v">11</subfield>
    </datafield>
    <datafield tag="500" ind1=" " ind2=" ">
      <subfield code="a">Con: Juan Moreira (novela) / E. Gutiérrez - Juan Moreira (versión teatral) / E. Gutiérrez y José Podestá - Juan Moreira (escenas del guión de la pelìcula) / L. Favio y Z. Jury - Con este sol (episodio de la historieta Inodoro Pereyra) / R. Fontanarrosa</subfield>
    </datafield>
    <datafield tag="505" ind1="0" ind2="0">
      <subfield code="g">p.217-236</subfield>
      <subfield code="g">- LITERATURA ARGENTINA - TEATRO ARGENTINO - GUTIERREZ, EDUARDO - JUAN MOREIRA</subfield>
      <subfield code="r">Podestá, José</subfield>
      <subfield code="t">Juan Moreira:drama en dos actos</subfield>
    </datafield>
    <datafield tag="505" ind1="0" ind2="0">
      <subfield code="g">p.247-249</subfield>
      <subfield code="g">- LITERATURA ARGENTINA - GUTIERREZ, EDUARDO - JUAN MOREIRA - HISTORIETA</subfield>
      <subfield code="r">Fontanarrosa, Roberto</subfield>
      <subfield code="t">Con este sol...</subfield>
    </datafield>
    <datafield tag="773" ind1="0" ind2="#">
      <subfield code="a">Podestá, José</subfield>
      <subfield code="g">- LITERATURA ARGENTINA - TEATRO ARGENTINO - GUTIERREZ, EDUARDO - JUAN MOREIRA</subfield>
      <subfield code="h">p.217-236</subfield>
      <subfield code="t">Juan Moreira:drama en dos actos</subfield>
    </datafield>
    <datafield tag="773" ind1="0" ind2="#">
      <subfield code="a">Fontanarrosa, Roberto</subfield>
      <subfield code="g">- LITERATURA ARGENTINA - GUTIERREZ, EDUARDO - JUAN MOREIRA - HISTORIETA</subfield>
      <subfield code="h">p.247-249</subfield>
      <subfield code="t">Con este sol...</subfield>
    </datafield>
    <datafield tag="942" ind1=" " ind2=" ">
      <subfield code="c">BK</subfield>
    </datafield>
    <datafield tag="952" ind1=" " ind2=" ">
      <subfield code="a">BIB_UARG</subfield>
      <subfield code="b">BIB_UARG</subfield>
      <subfield code="d">2005-08-23</subfield>
      <subfield code="y">BK</subfield>
      <subfield code="p">05-26508</subfield>
    </datafield>
    <datafield tag="952" ind1=" " ind2=" ">
      <subfield code="a">BIB_UARG</subfield>
      <subfield code="b">BIB_UARG</subfield>
      <subfield code="d">2005-08-23</subfield>
      <subfield code="y">BK</subfield>
      <subfield code="p">05-26509</subfield>
    </datafield>
    <datafield tag="952" ind1=" " ind2=" ">
      <subfield code="a">BIB_UARG</subfield>
      <subfield code="b">BIB_UARG</subfield>
      <subfield code="d">2005-08-23</subfield>
      <subfield code="y">BK</subfield>
      <subfield code="p">05-26510</subfield>
    </datafield>
    <datafield tag="952" ind1=" " ind2=" ">
      <subfield code="a">BIB_UARG</subfield>
      <subfield code="b">BIB_UARG</subfield>
      <subfield code="d">2005-08-23</subfield>
      <subfield code="y">BK</subfield>
      <subfield code="p">05-26511</subfield>
    </datafield>
    <datafield tag="952" ind1=" " ind2=" ">
      <subfield code="a">BIB_UARG</subfield>
      <subfield code="b">BIB_UARG</subfield>
      <subfield code="d">2005-08-23</subfield>
      <subfield code="y">BK</subfield>
      <subfield code="p">05-26521</subfield>
    </datafield>
    <datafield tag="952" ind1=" " ind2=" ">
      <subfield code="a">BIB_UARG</subfield>
      <subfield code="b">BIB_UARG</subfield>
      <subfield code="d">2017-09-07</subfield>
      <subfield code="y">BK</subfield>
      <subfield code="p">05-48846</subfield>
    </datafield>
  </record>