
  <record>
    <leader>01000aam  22002601a 4500</leader>
    <controlfield tag="001">YPZ2632</controlfield>
    <controlfield tag="003">YPZ</controlfield>
    <controlfield tag="005">200506090000000</controlfield>
    <controlfield tag="008">050609|###########||||||b||||||||||spa|d</controlfield>
    <datafield tag="020" ind1=" " ind2=" ">
      <subfield code="a">8497422880</subfield>
    </datafield>
    <datafield tag="040" ind1=" " ind2=" ">
      <subfield code="c">SIUNPA</subfield>
    </datafield>
    <datafield tag="041" ind1=" " ind2=" ">
      <subfield code="a">spa</subfield>
    </datafield>
    <datafield tag="044" ind1=" " ind2=" ">
      <subfield code="a">ES</subfield>
    </datafield>
    <datafield tag="082" ind1=" " ind2=" ">
      <subfield code="a">94(460) V290p</subfield>
    </datafield>
    <datafield tag="100" ind1=" " ind2=" ">
      <subfield code="a">Varela Ortega, José.</subfield>
    </datafield>
    <datafield tag="245" ind1=" " ind2=" ">
      <subfield code="a">Una paradoja histórica</subfield>
      <subfield code="b"> : Hitler, Stalin, Roosevelt y algunas consecuencias para España de la segunda guerra mundial</subfield>
    </datafield>
    <datafield tag="260" ind1=" " ind2=" ">
      <subfield code="a">Madrid</subfield>
      <subfield code="b"> : Biblioteca Nueva</subfield>
      <subfield code="b"> : Fundación José Ortega y Gasset</subfield>
      <subfield code="c"> , 2004</subfield>
    </datafield>
    <datafield tag="300" ind1=" " ind2=" ">
      <subfield code="a">214 p. : </subfield>
    </datafield>
    <datafield tag="440" ind1=" " ind2=" ">
      <subfield code="a">Empresa activa</subfield>
      <subfield code="a">Colección Educación para la diversidad</subfield>
      <subfield code="a">Electricidad, electrónica. Sistemas de regulación y control automáticos</subfield>
      <subfield code="a">Administración y finanzas</subfield>
      <subfield code="a">Electricidad, electrónica</subfield>
      <subfield code="a">Paso a paso</subfield>
      <subfield code="a">Electricidad, electrónica. Equipos e instalaciones eléctricas</subfield>
      <subfield code="a">Gestión administrativa</subfield>
      <subfield code="a">Biblioteca nueva universidad. Manuales y obras de referencia. Serie educación</subfield>
      <subfield code="a">Los papeles de la Ortega</subfield>
      <subfield code="v">4</subfield>
    </datafield>
    <datafield tag="490" ind1=" " ind2=" ">
      <subfield code="a">Empresa activa</subfield>
      <subfield code="a">Colección Educación para la diversidad</subfield>
      <subfield code="a">Electricidad, electrónica. Sistemas de regulación y control automáticos</subfield>
      <subfield code="a">Administración y finanzas</subfield>
      <subfield code="a">Electricidad, electrónica</subfield>
      <subfield code="a">Paso a paso</subfield>
      <subfield code="a">Electricidad, electrónica. Equipos e instalaciones eléctricas</subfield>
      <subfield code="a">Gestión administrativa</subfield>
      <subfield code="a">Biblioteca nueva universidad. Manuales y obras de referencia. Serie educación</subfield>
      <subfield code="a">Los papeles de la Ortega</subfield>
      <subfield code="v">4</subfield>
    </datafield>
    <datafield tag="942" ind1=" " ind2=" ">
      <subfield code="c">BK</subfield>
    </datafield>
    <datafield tag="952" ind1=" " ind2=" ">
      <subfield code="a">BIB_UARG</subfield>
      <subfield code="b">BIB_UARG</subfield>
      <subfield code="d">2005-08-23</subfield>
      <subfield code="y">BK</subfield>
      <subfield code="p">05-28031</subfield>
    </datafield>
  </record>