
  <record>
    <leader>01000aam  22002601a 4500</leader>
    <controlfield tag="001">YPZ2674</controlfield>
    <controlfield tag="003">YPZ</controlfield>
    <controlfield tag="005">200409100000000</controlfield>
    <controlfield tag="008">040910|###########||||||b||||||||||spa|d</controlfield>
    <datafield tag="020" ind1=" " ind2=" ">
      <subfield code="a">927532462X</subfield>
    </datafield>
    <datafield tag="040" ind1=" " ind2=" ">
      <subfield code="c">SIUNPA</subfield>
    </datafield>
    <datafield tag="041" ind1=" " ind2=" ">
      <subfield code="a">spa</subfield>
    </datafield>
    <datafield tag="044" ind1=" " ind2=" ">
      <subfield code="a">US</subfield>
    </datafield>
    <datafield tag="082" ind1=" " ind2=" ">
      <subfield code="a">614.2 E113e</subfield>
    </datafield>
    <datafield tag="245" ind1=" " ind2=" ">
      <subfield code="a">e-Salud en Latinoamérica y el Caribe</subfield>
      <subfield code="b"> : tendencias y temas emergentes</subfield>
      <subfield code="c"> / Rodrigues, Roberto J., ed. ; Oliveri, Nora C., ed. ; Monteagudo, José Luis, ed. ; Hernández, Antonio, ed. ; Sandor, Tomás, ed.</subfield>
    </datafield>
    <datafield tag="260" ind1=" " ind2=" ">
      <subfield code="a">Washington, DC</subfield>
      <subfield code="b"> : Organización Panamericana de la Salud</subfield>
      <subfield code="c"> , 2003</subfield>
    </datafield>
    <datafield tag="300" ind1=" " ind2=" ">
      <subfield code="a">138 p. : </subfield>
      <subfield code="a">vi,208 p. : </subfield>
      <subfield code="b">cuadros, gráf. ; </subfield>
    </datafield>
    <datafield tag="500" ind1=" " ind2=" ">
      <subfield code="a">Colaboración entre la Organización Panamericana de la Salud, la Fundación de Informática Médica (EEUU) y el Ministerio de Sanidad y Consumo, Instituto de Salud Carlos III (España)</subfield>
    </datafield>
    <datafield tag="942" ind1=" " ind2=" ">
      <subfield code="c">BK</subfield>
    </datafield>
    <datafield tag="952" ind1=" " ind2=" ">
      <subfield code="a">BIB_UARG</subfield>
      <subfield code="b">BIB_UARG</subfield>
      <subfield code="d">2005-08-23</subfield>
      <subfield code="y">BK</subfield>
      <subfield code="p">05-25142</subfield>
    </datafield>
  </record>