
  <record>
    <leader>01000aam  22002601a 4500</leader>
    <controlfield tag="001">YPZ2709</controlfield>
    <controlfield tag="003">YPZ</controlfield>
    <controlfield tag="005">200404290000000</controlfield>
    <controlfield tag="008">040429|###########||||||b||||||||||spa|d</controlfield>
    <datafield tag="020" ind1=" " ind2=" ">
      <subfield code="a">9500300060</subfield>
    </datafield>
    <datafield tag="040" ind1=" " ind2=" ">
      <subfield code="c">SIUNPA</subfield>
    </datafield>
    <datafield tag="041" ind1=" " ind2=" ">
      <subfield code="a">spa</subfield>
    </datafield>
    <datafield tag="044" ind1=" " ind2=" ">
      <subfield code="a">AR</subfield>
    </datafield>
    <datafield tag="082" ind1=" " ind2=" ">
      <subfield code="a">821.134.2(728.1) P829p</subfield>
    </datafield>
    <datafield tag="240" ind1=" " ind2=" ">
      <subfield code="a">[Popol Vuh]</subfield>
    </datafield>
    <datafield tag="245" ind1=" " ind2=" ">
      <subfield code="a">Popol-vuh o libro del consejo de los indios Quichés</subfield>
      <subfield code="c"> / Asturias, Miguel Ángel, tr. ; González de Mendoza, J.M., tr.</subfield>
    </datafield>
    <datafield tag="250" ind1=" " ind2=" ">
      <subfield code="a">15a ed.</subfield>
    </datafield>
    <datafield tag="260" ind1=" " ind2=" ">
      <subfield code="a">Buenos Aires</subfield>
      <subfield code="b"> : Losada</subfield>
      <subfield code="c"> , 2000</subfield>
    </datafield>
    <datafield tag="440" ind1=" " ind2=" ">
      <subfield code="a">Serie libros con libros</subfield>
      <subfield code="a">Auxiliares de la medicina. Serie de especialización</subfield>
      <subfield code="a">Biblioteca nuevas orientaciones de la educación</subfield>
      <subfield code="a">Biblioteca de Educación. Serie: Formación docente</subfield>
      <subfield code="a">Nuevos aires en educación</subfield>
      <subfield code="a">Nuevos aires en educación</subfield>
      <subfield code="a">Nuevos aires en educación</subfield>
      <subfield code="a">Nuevos aires en educación</subfield>
      <subfield code="a">Nuevos aires en educación</subfield>
      <subfield code="a">Claves de hoy</subfield>
      <subfield code="a">Adolescentes del nuevo siglo</subfield>
      <subfield code="a">Biblioteca clásica y contemporánea</subfield>
      <subfield code="v">9</subfield>
    </datafield>
    <datafield tag="490" ind1=" " ind2=" ">
      <subfield code="a">Serie libros con libros</subfield>
      <subfield code="a">Auxiliares de la medicina. Serie de especialización</subfield>
      <subfield code="a">Biblioteca nuevas orientaciones de la educación</subfield>
      <subfield code="a">Biblioteca de Educación. Serie: Formación docente</subfield>
      <subfield code="a">Nuevos aires en educación</subfield>
      <subfield code="a">Nuevos aires en educación</subfield>
      <subfield code="a">Nuevos aires en educación</subfield>
      <subfield code="a">Nuevos aires en educación</subfield>
      <subfield code="a">Nuevos aires en educación</subfield>
      <subfield code="a">Claves de hoy</subfield>
      <subfield code="a">Adolescentes del nuevo siglo</subfield>
      <subfield code="a">Biblioteca clásica y contemporánea</subfield>
      <subfield code="v">9</subfield>
    </datafield>
    <datafield tag="942" ind1=" " ind2=" ">
      <subfield code="c">BK</subfield>
    </datafield>
    <datafield tag="952" ind1=" " ind2=" ">
      <subfield code="a">BIB_UARG</subfield>
      <subfield code="b">BIB_UARG</subfield>
      <subfield code="d">2005-08-23</subfield>
      <subfield code="y">BK</subfield>
      <subfield code="p">05-22175</subfield>
    </datafield>
  </record>