
  <record>
    <leader>01000aam  22002601a 4500</leader>
    <controlfield tag="001">YPZ2723</controlfield>
    <controlfield tag="003">YPZ</controlfield>
    <controlfield tag="005">200404290000000</controlfield>
    <controlfield tag="008">040429|###########||||||b||||||||||spa|d</controlfield>
    <datafield tag="020" ind1=" " ind2=" ">
      <subfield code="a">9500304198</subfield>
    </datafield>
    <datafield tag="040" ind1=" " ind2=" ">
      <subfield code="c">SIUNPA</subfield>
    </datafield>
    <datafield tag="041" ind1=" " ind2=" ">
      <subfield code="a">spa</subfield>
    </datafield>
    <datafield tag="044" ind1=" " ind2=" ">
      <subfield code="a">AR</subfield>
    </datafield>
    <datafield tag="082" ind1=" " ind2=" ">
      <subfield code="a">821.14'02 E899t</subfield>
    </datafield>
    <datafield tag="100" ind1=" " ind2=" ">
      <subfield code="a">Eurípides.</subfield>
    </datafield>
    <datafield tag="245" ind1=" " ind2=" ">
      <subfield code="a">Las troyanas</subfield>
      <subfield code="c"> / Sartre, Jean-Paul, adaptación ; Martínez Sierra, María, tr.</subfield>
    </datafield>
    <datafield tag="250" ind1=" " ind2=" ">
      <subfield code="a">1a ed.</subfield>
    </datafield>
    <datafield tag="260" ind1=" " ind2=" ">
      <subfield code="a">Buenos Aires</subfield>
      <subfield code="b"> : Losada</subfield>
      <subfield code="c"> , 1994</subfield>
    </datafield>
    <datafield tag="440" ind1=" " ind2=" ">
      <subfield code="a">Biblioteca clásica y contemporánea</subfield>
      <subfield code="v">541</subfield>
    </datafield>
    <datafield tag="490" ind1=" " ind2=" ">
      <subfield code="a">Biblioteca clásica y contemporánea</subfield>
      <subfield code="v">541</subfield>
    </datafield>
    <datafield tag="942" ind1=" " ind2=" ">
      <subfield code="c">BK</subfield>
    </datafield>
    <datafield tag="952" ind1=" " ind2=" ">
      <subfield code="a">BIB_UASJ</subfield>
      <subfield code="b">BIB_UASJ</subfield>
      <subfield code="d">2005-08-23</subfield>
      <subfield code="y">BK</subfield>
      <subfield code="p">04-21000</subfield>
    </datafield>
    <datafield tag="952" ind1=" " ind2=" ">
      <subfield code="a">BIB_UARG</subfield>
      <subfield code="b">BIB_UARG</subfield>
      <subfield code="d">2006-08-28</subfield>
      <subfield code="y">BK</subfield>
      <subfield code="p">05-12897</subfield>
    </datafield>
  </record>