
  <record>
    <leader>01000aam  22002601a 4500</leader>
    <controlfield tag="001">YPZ2738</controlfield>
    <controlfield tag="003">YPZ</controlfield>
    <controlfield tag="005">200502110000000</controlfield>
    <controlfield tag="008">050211|###########||||||b||||||||||spa|d</controlfield>
    <datafield tag="020" ind1=" " ind2=" ">
      <subfield code="a">9500392194</subfield>
    </datafield>
    <datafield tag="040" ind1=" " ind2=" ">
      <subfield code="c">SIUNPA</subfield>
    </datafield>
    <datafield tag="041" ind1=" " ind2=" ">
      <subfield code="a">spa</subfield>
    </datafield>
    <datafield tag="044" ind1=" " ind2=" ">
      <subfield code="a">AR</subfield>
    </datafield>
    <datafield tag="082" ind1=" " ind2=" ">
      <subfield code="a">16 B128n</subfield>
    </datafield>
    <datafield tag="100" ind1=" " ind2=" ">
      <subfield code="a">Bacon, Francis.</subfield>
    </datafield>
    <datafield tag="245" ind1=" " ind2=" ">
      <subfield code="a">Novum Organum</subfield>
      <subfield code="c"> / Almori, Clemente Fernando, tr. directa del latín ; Frondizi, Risieri, estudio prelim.</subfield>
    </datafield>
    <datafield tag="250" ind1=" " ind2=" ">
      <subfield code="a">1a ed.</subfield>
    </datafield>
    <datafield tag="260" ind1=" " ind2=" ">
      <subfield code="a">Buenos Aires</subfield>
      <subfield code="b"> : Losada</subfield>
      <subfield code="c"> , 2003</subfield>
    </datafield>
    <datafield tag="300" ind1=" " ind2=" ">
      <subfield code="a">489 p. : </subfield>
      <subfield code="a">174 p. : </subfield>
      <subfield code="a">251 p. : </subfield>
      <subfield code="b">il. ; </subfield>
      <subfield code="a">353 p. : </subfield>
    </datafield>
    <datafield tag="440" ind1=" " ind2=" ">
      <subfield code="a">Filosofia y teoría del lenguaje</subfield>
      <subfield code="a">Colección cristal del tiempo. Serie sociedad y política</subfield>
      <subfield code="a">Colección cristal del tiempo. Serie sociedad y política</subfield>
      <subfield code="a">Biblioteca pedagógica</subfield>
      <subfield code="a">Biblioteca pedagógica</subfield>
      <subfield code="a">Biblioteca pedagógica</subfield>
      <subfield code="a">Biblioteca pedagógica</subfield>
      <subfield code="a">Biblioteca de Psicología, Psicoanálisis y Psiquiatría</subfield>
      <subfield code="a">Biblioteca de Psicología, Psicoanálisis y Psiquiatría</subfield>
      <subfield code="a">Biblioteca de obras maestras del pensamiento</subfield>
      <subfield code="v">27</subfield>
    </datafield>
    <datafield tag="490" ind1=" " ind2=" ">
      <subfield code="a">Filosofia y teoría del lenguaje</subfield>
      <subfield code="a">Colección cristal del tiempo. Serie sociedad y política</subfield>
      <subfield code="a">Colección cristal del tiempo. Serie sociedad y política</subfield>
      <subfield code="a">Biblioteca pedagógica</subfield>
      <subfield code="a">Biblioteca pedagógica</subfield>
      <subfield code="a">Biblioteca pedagógica</subfield>
      <subfield code="a">Biblioteca pedagógica</subfield>
      <subfield code="a">Biblioteca de Psicología, Psicoanálisis y Psiquiatría</subfield>
      <subfield code="a">Biblioteca de Psicología, Psicoanálisis y Psiquiatría</subfield>
      <subfield code="a">Biblioteca de obras maestras del pensamiento</subfield>
      <subfield code="v">27</subfield>
    </datafield>
    <datafield tag="942" ind1=" " ind2=" ">
      <subfield code="c">BK</subfield>
    </datafield>
    <datafield tag="952" ind1=" " ind2=" ">
      <subfield code="a">BIB_UARG</subfield>
      <subfield code="b">BIB_UARG</subfield>
      <subfield code="d">2005-08-23</subfield>
      <subfield code="y">BK</subfield>
      <subfield code="p">05-26480</subfield>
    </datafield>
  </record>