
  <record>
    <leader>01000aam  22002601a 4500</leader>
    <controlfield tag="001">YPZ2787</controlfield>
    <controlfield tag="003">YPZ</controlfield>
    <controlfield tag="005">200406170000000</controlfield>
    <controlfield tag="008">040617|###########||||||b||||||||||spa|d</controlfield>
    <datafield tag="020" ind1=" " ind2=" ">
      <subfield code="a">9500709406</subfield>
    </datafield>
    <datafield tag="040" ind1=" " ind2=" ">
      <subfield code="c">SIUNPA</subfield>
    </datafield>
    <datafield tag="041" ind1=" " ind2=" ">
      <subfield code="a">spa</subfield>
    </datafield>
    <datafield tag="044" ind1=" " ind2=" ">
      <subfield code="a">AR</subfield>
    </datafield>
    <datafield tag="082" ind1=" " ind2=" ">
      <subfield code="a">821.134.2(82) M225c</subfield>
    </datafield>
    <datafield tag="100" ind1=" " ind2=" ">
      <subfield code="a">Mainé, Margarita.</subfield>
    </datafield>
    <datafield tag="245" ind1=" " ind2=" ">
      <subfield code="a">Cartas a un gnomo</subfield>
      <subfield code="c"> / Hilb, Nora, il.</subfield>
    </datafield>
    <datafield tag="250" ind1=" " ind2=" ">
      <subfield code="a">7a ed.</subfield>
    </datafield>
    <datafield tag="260" ind1=" " ind2=" ">
      <subfield code="a">Buenos Aires</subfield>
      <subfield code="b"> : Sudamericana</subfield>
      <subfield code="c"> , 2002</subfield>
    </datafield>
    <datafield tag="300" ind1=" " ind2=" ">
      <subfield code="a">59 p. : </subfield>
      <subfield code="b">il. ; </subfield>
    </datafield>
    <datafield tag="440" ind1=" " ind2=" ">
      <subfield code="a">Colección griegos y latinos</subfield>
      <subfield code="a">Colección griegos y latinos</subfield>
      <subfield code="a">Escritores argentinos</subfield>
      <subfield code="a">Memoria argentina</subfield>
      <subfield code="a">Memoria argentina</subfield>
      <subfield code="a">Joven novela</subfield>
      <subfield code="a">Colección Historia y Cultura</subfield>
      <subfield code="a">Primera Sudamericana</subfield>
      <subfield code="a">Primera Sudamericana. Colección pan flauta</subfield>
      <subfield code="v">27</subfield>
    </datafield>
    <datafield tag="490" ind1=" " ind2=" ">
      <subfield code="a">Colección griegos y latinos</subfield>
      <subfield code="a">Colección griegos y latinos</subfield>
      <subfield code="a">Escritores argentinos</subfield>
      <subfield code="a">Memoria argentina</subfield>
      <subfield code="a">Memoria argentina</subfield>
      <subfield code="a">Joven novela</subfield>
      <subfield code="a">Colección Historia y Cultura</subfield>
      <subfield code="a">Primera Sudamericana</subfield>
      <subfield code="a">Primera Sudamericana. Colección pan flauta</subfield>
      <subfield code="v">27</subfield>
    </datafield>
    <datafield tag="500" ind1=" " ind2=" ">
      <subfield code="a">A partir de 7 años</subfield>
    </datafield>
    <datafield tag="942" ind1=" " ind2=" ">
      <subfield code="c">BK</subfield>
    </datafield>
    <datafield tag="952" ind1=" " ind2=" ">
      <subfield code="a">BIB_UASJ</subfield>
      <subfield code="b">BIB_UASJ</subfield>
      <subfield code="d">2005-08-23</subfield>
      <subfield code="y">BK</subfield>
      <subfield code="p">04-24629</subfield>
    </datafield>
  </record>