
  <record>
    <leader>01000aam  22002601a 4500</leader>
    <controlfield tag="001">YPZ2839</controlfield>
    <controlfield tag="003">YPZ</controlfield>
    <controlfield tag="005">200404290000000</controlfield>
    <controlfield tag="008">040429|###########||||||b||||||||||spa|d</controlfield>
    <datafield tag="020" ind1=" " ind2=" ">
      <subfield code="a">9501218120</subfield>
    </datafield>
    <datafield tag="040" ind1=" " ind2=" ">
      <subfield code="c">SIUNPA</subfield>
    </datafield>
    <datafield tag="041" ind1=" " ind2=" ">
      <subfield code="a">spa</subfield>
    </datafield>
    <datafield tag="044" ind1=" " ind2=" ">
      <subfield code="a">AR</subfield>
    </datafield>
    <datafield tag="082" ind1=" " ind2=" ">
      <subfield code="a">373.2 J373j</subfield>
    </datafield>
    <datafield tag="100" ind1=" " ind2=" ">
      <subfield code="a">Penchansky de Bosch, Lydia.</subfield>
    </datafield>
    <datafield tag="700" ind1=" " ind2=" ">
      <subfield code="a">Reigosa de Cañeque, Hilda.</subfield>
    </datafield>
    <datafield tag="700" ind1=" " ind2=" ">
      <subfield code="a">San Martin de Duprat, Hebe.</subfield>
    </datafield>
    <datafield tag="700" ind1=" " ind2=" ">
      <subfield code="a">Galperín, Susana.</subfield>
    </datafield>
    <datafield tag="700" ind1=" " ind2=" ">
      <subfield code="a">Glanzer, Martha.</subfield>
    </datafield>
    <datafield tag="700" ind1=" " ind2=" ">
      <subfield code="a">Fornasari de Menegazzo, Lilia.</subfield>
    </datafield>
    <datafield tag="700" ind1=" " ind2=" ">
      <subfield code="a">Pulpeiro, Sylvia.</subfield>
    </datafield>
    <datafield tag="245" ind1=" " ind2=" ">
      <subfield code="a">Un jardín de infantes mejor</subfield>
      <subfield code="b"> : siete propuestas</subfield>
    </datafield>
    <datafield tag="260" ind1=" " ind2=" ">
      <subfield code="a">Buenos Aires</subfield>
      <subfield code="b"> : Paidós</subfield>
      <subfield code="c"> , 1986</subfield>
    </datafield>
    <datafield tag="300" ind1=" " ind2=" ">
      <subfield code="a">182 p. : </subfield>
    </datafield>
    <datafield tag="440" ind1=" " ind2=" ">
      <subfield code="a">Primera Sudamericana. Cuentamérica</subfield>
      <subfield code="a">Primera Sudamericana. Puercoespín</subfield>
      <subfield code="a">Biblioteca Mario Bunge</subfield>
      <subfield code="a">Colección temas básicos</subfield>
      <subfield code="a">Biblioteca de Psicopedagogía Paidós</subfield>
      <subfield code="v">12</subfield>
    </datafield>
    <datafield tag="490" ind1=" " ind2=" ">
      <subfield code="a">Primera Sudamericana. Cuentamérica</subfield>
      <subfield code="a">Primera Sudamericana. Puercoespín</subfield>
      <subfield code="a">Biblioteca Mario Bunge</subfield>
      <subfield code="a">Colección temas básicos</subfield>
      <subfield code="a">Biblioteca de Psicopedagogía Paidós</subfield>
      <subfield code="v">12</subfield>
    </datafield>
    <datafield tag="942" ind1=" " ind2=" ">
      <subfield code="c">BK</subfield>
    </datafield>
    <datafield tag="952" ind1=" " ind2=" ">
      <subfield code="a">BIB_UACO</subfield>
      <subfield code="b">BIB_UACO</subfield>
      <subfield code="d">2005-08-23</subfield>
      <subfield code="y">BK</subfield>
      <subfield code="p">02-07738</subfield>
    </datafield>
  </record>