
  <record>
    <leader>01000aam  22002601a 4500</leader>
    <controlfield tag="001">YPZ3056</controlfield>
    <controlfield tag="003">YPZ</controlfield>
    <controlfield tag="005">200406040000000</controlfield>
    <controlfield tag="008">040604|###########||||||b||||||||||spa|d</controlfield>
    <datafield tag="020" ind1=" " ind2=" ">
      <subfield code="a">9502309669</subfield>
    </datafield>
    <datafield tag="040" ind1=" " ind2=" ">
      <subfield code="c">SIUNPA</subfield>
    </datafield>
    <datafield tag="041" ind1=" " ind2=" ">
      <subfield code="a">spa</subfield>
    </datafield>
    <datafield tag="044" ind1=" " ind2=" ">
      <subfield code="a">AR</subfield>
    </datafield>
    <datafield tag="082" ind1=" " ind2=" ">
      <subfield code="a">330.8 C244c</subfield>
    </datafield>
    <datafield tag="100" ind1=" " ind2=" ">
      <subfield code="a">Vaitsos, Constantino.</subfield>
    </datafield>
    <datafield tag="245" ind1=" " ind2=" ">
      <subfield code="a">Capitalismo moderno y desarrollo humano</subfield>
    </datafield>
    <datafield tag="250" ind1=" " ind2=" ">
      <subfield code="a">1a ed.</subfield>
    </datafield>
    <datafield tag="260" ind1=" " ind2=" ">
      <subfield code="a">Buenos Aires</subfield>
      <subfield code="b"> : Eudeba</subfield>
      <subfield code="b"> : Programa de las Naciones Unidas para el Desarrollo</subfield>
      <subfield code="c"> , 1999</subfield>
    </datafield>
    <datafield tag="440" ind1=" " ind2=" ">
      <subfield code="a">Seminarios intensivos de investigación</subfield>
      <subfield code="a">Estudios de antropología</subfield>
      <subfield code="a">Colección CEA-CBC</subfield>
      <subfield code="a">Materiales de cátedra. Psicología</subfield>
      <subfield code="a">Los fundamentales</subfield>
      <subfield code="a">Materiales de cátedra. Psicología</subfield>
      <subfield code="a">Colección ética. Serie clásicos</subfield>
      <subfield code="a">Enciclopedia semiológica</subfield>
      <subfield code="a">Manuales / Eudeba</subfield>
      <subfield code="a">Manuales / Eudeba</subfield>
      <subfield code="a">Estudios de antropología</subfield>
      <subfield code="a">Temas/comunicación</subfield>
      <subfield code="a">Temas / Eudeba. Historia</subfield>
      <subfield code="a">Manuales / Eudeba</subfield>
      <subfield code="a">Tesis de doctorado</subfield>
      <subfield code="a">Desarrollo humano</subfield>
      <subfield code="v">1</subfield>
    </datafield>
    <datafield tag="490" ind1=" " ind2=" ">
      <subfield code="a">Seminarios intensivos de investigación</subfield>
      <subfield code="a">Estudios de antropología</subfield>
      <subfield code="a">Colección CEA-CBC</subfield>
      <subfield code="a">Materiales de cátedra. Psicología</subfield>
      <subfield code="a">Los fundamentales</subfield>
      <subfield code="a">Materiales de cátedra. Psicología</subfield>
      <subfield code="a">Colección ética. Serie clásicos</subfield>
      <subfield code="a">Enciclopedia semiológica</subfield>
      <subfield code="a">Manuales / Eudeba</subfield>
      <subfield code="a">Manuales / Eudeba</subfield>
      <subfield code="a">Estudios de antropología</subfield>
      <subfield code="a">Temas/comunicación</subfield>
      <subfield code="a">Temas / Eudeba. Historia</subfield>
      <subfield code="a">Manuales / Eudeba</subfield>
      <subfield code="a">Tesis de doctorado</subfield>
      <subfield code="a">Desarrollo humano</subfield>
      <subfield code="v">1</subfield>
    </datafield>
    <datafield tag="942" ind1=" " ind2=" ">
      <subfield code="c">BK</subfield>
    </datafield>
    <datafield tag="952" ind1=" " ind2=" ">
      <subfield code="a">BIB_UARG</subfield>
      <subfield code="b">BIB_UARG</subfield>
      <subfield code="d">2005-08-23</subfield>
      <subfield code="y">BK</subfield>
      <subfield code="p">05-24393</subfield>
    </datafield>
  </record>