
  <record>
    <leader>01000aam  22002601a 4500</leader>
    <controlfield tag="001">YPZ3079</controlfield>
    <controlfield tag="003">YPZ</controlfield>
    <controlfield tag="005">200407280000000</controlfield>
    <controlfield tag="008">040728|###########||||||b||||||||||spa|d</controlfield>
    <datafield tag="020" ind1=" " ind2=" ">
      <subfield code="a">9502500628</subfield>
    </datafield>
    <datafield tag="040" ind1=" " ind2=" ">
      <subfield code="c">SIUNPA</subfield>
    </datafield>
    <datafield tag="041" ind1=" " ind2=" ">
      <subfield code="a">spa</subfield>
    </datafield>
    <datafield tag="044" ind1=" " ind2=" ">
      <subfield code="a">AR</subfield>
    </datafield>
    <datafield tag="082" ind1=" " ind2=" ">
      <subfield code="a">37.014.3 P965p</subfield>
    </datafield>
    <datafield tag="100" ind1=" " ind2=" ">
      <subfield code="a">Braslavsky, Berta P. de.</subfield>
    </datafield>
    <datafield tag="700" ind1=" " ind2=" ">
      <subfield code="a">Bravo, Héctor Félix.</subfield>
    </datafield>
    <datafield tag="700" ind1=" " ind2=" ">
      <subfield code="a">Brusilovsky, Silvia L..</subfield>
    </datafield>
    <datafield tag="700" ind1=" " ind2=" ">
      <subfield code="a">Camilloni, Alicia R. W. de.</subfield>
    </datafield>
    <datafield tag="700" ind1=" " ind2=" ">
      <subfield code="a">Diéguez, Arturo A..</subfield>
    </datafield>
    <datafield tag="700" ind1=" " ind2=" ">
      <subfield code="a">Fernández, Susana.</subfield>
    </datafield>
    <datafield tag="700" ind1=" " ind2=" ">
      <subfield code="a">López, Hebe.</subfield>
    </datafield>
    <datafield tag="700" ind1=" " ind2=" ">
      <subfield code="a">Martínez, Ángela.</subfield>
    </datafield>
    <datafield tag="700" ind1=" " ind2=" ">
      <subfield code="a">Merega, Herminia.</subfield>
    </datafield>
    <datafield tag="700" ind1=" " ind2=" ">
      <subfield code="a">Paviglianitti, Norma.</subfield>
    </datafield>
    <datafield tag="700" ind1=" " ind2=" ">
      <subfield code="a">Romero Brest, Gilda L de.</subfield>
    </datafield>
    <datafield tag="700" ind1=" " ind2=" ">
      <subfield code="a">Vales, Alicia.</subfield>
    </datafield>
    <datafield tag="700" ind1=" " ind2=" ">
      <subfield code="a">Vior, Susana.</subfield>
    </datafield>
    <datafield tag="700" ind1=" " ind2=" ">
      <subfield code="a">Wiña.</subfield>
    </datafield>
    <datafield tag="245" ind1=" " ind2=" ">
      <subfield code="a">Propuestas para el debate educativo en 1984</subfield>
      <subfield code="c"> / Braslavsky, Cecilia, comp. ; Riquelme, Graciela C., comp.</subfield>
    </datafield>
    <datafield tag="260" ind1=" " ind2=" ">
      <subfield code="a">Buenos Aires</subfield>
      <subfield code="b"> : Centro Editor de América Latina</subfield>
      <subfield code="c"> , 1984</subfield>
    </datafield>
    <datafield tag="300" ind1=" " ind2=" ">
      <subfield code="a">127 p. : </subfield>
    </datafield>
    <datafield tag="440" ind1=" " ind2=" ">
      <subfield code="a">Materiales de cátedra. Ciencias económicas</subfield>
      <subfield code="a">Temas/Historia</subfield>
      <subfield code="a">Enciclopedia lógica</subfield>
      <subfield code="a">Temas libres</subfield>
      <subfield code="a">UBA XXI</subfield>
      <subfield code="a">UBA XXI</subfield>
      <subfield code="a">UBA XXI. IPC Bibliografía complementaria</subfield>
      <subfield code="a">Serie Ciencia y técnica en la UBA</subfield>
      <subfield code="a">Enciclopedia lógica</subfield>
      <subfield code="a">Material de cátedra</subfield>
      <subfield code="a">Teoría e investigación</subfield>
      <subfield code="a">Lectores / Eudeba</subfield>
      <subfield code="a">Material de cátedra</subfield>
      <subfield code="a">Colección ¡A jugar!</subfield>
      <subfield code="a">Colección maestras en el jardín</subfield>
      <subfield code="a">Biblioteca política Argentina</subfield>
      <subfield code="v">63</subfield>
    </datafield>
    <datafield tag="490" ind1=" " ind2=" ">
      <subfield code="a">Materiales de cátedra. Ciencias económicas</subfield>
      <subfield code="a">Temas/Historia</subfield>
      <subfield code="a">Enciclopedia lógica</subfield>
      <subfield code="a">Temas libres</subfield>
      <subfield code="a">UBA XXI</subfield>
      <subfield code="a">UBA XXI</subfield>
      <subfield code="a">UBA XXI. IPC Bibliografía complementaria</subfield>
      <subfield code="a">Serie Ciencia y técnica en la UBA</subfield>
      <subfield code="a">Enciclopedia lógica</subfield>
      <subfield code="a">Material de cátedra</subfield>
      <subfield code="a">Teoría e investigación</subfield>
      <subfield code="a">Lectores / Eudeba</subfield>
      <subfield code="a">Material de cátedra</subfield>
      <subfield code="a">Colección ¡A jugar!</subfield>
      <subfield code="a">Colección maestras en el jardín</subfield>
      <subfield code="a">Biblioteca política Argentina</subfield>
      <subfield code="v">63</subfield>
    </datafield>
    <datafield tag="942" ind1=" " ind2=" ">
      <subfield code="c">BK</subfield>
    </datafield>
    <datafield tag="952" ind1=" " ind2=" ">
      <subfield code="a">BIB_UACO</subfield>
      <subfield code="b">BIB_UACO</subfield>
      <subfield code="d">2005-08-23</subfield>
      <subfield code="y">BK</subfield>
      <subfield code="p">02-24551</subfield>
    </datafield>
    <datafield tag="952" ind1=" " ind2=" ">
      <subfield code="a">BIB_UARG</subfield>
      <subfield code="b">BIB_UARG</subfield>
      <subfield code="d">2006-08-28</subfield>
      <subfield code="y">BK</subfield>
      <subfield code="p">05-07638</subfield>
    </datafield>
  </record>