
  <record>
    <leader>01000aam  22002601a 4500</leader>
    <controlfield tag="001">YPZ3165</controlfield>
    <controlfield tag="003">YPZ</controlfield>
    <controlfield tag="005">200404290000000</controlfield>
    <controlfield tag="008">040429|###########||||||b||||||||||spa|d</controlfield>
    <datafield tag="020" ind1=" " ind2=" ">
      <subfield code="a">9504901999</subfield>
    </datafield>
    <datafield tag="040" ind1=" " ind2=" ">
      <subfield code="c">SIUNPA</subfield>
    </datafield>
    <datafield tag="041" ind1=" " ind2=" ">
      <subfield code="a">spa</subfield>
    </datafield>
    <datafield tag="044" ind1=" " ind2=" ">
      <subfield code="a">AR</subfield>
    </datafield>
    <datafield tag="082" ind1=" " ind2=" ">
      <subfield code="a">821.134.2 M285c</subfield>
    </datafield>
    <datafield tag="100" ind1=" " ind2=" ">
      <subfield code="a">Manrique, Jorge.</subfield>
    </datafield>
    <datafield tag="245" ind1=" " ind2=" ">
      <subfield code="a">Coplas a la muerte de su padre</subfield>
      <subfield code="c"> / Paris, Diana, ed.</subfield>
    </datafield>
    <datafield tag="260" ind1=" " ind2=" ">
      <subfield code="a">Buenos Aires</subfield>
      <subfield code="b"> : Planeta</subfield>
      <subfield code="c"> , 1999</subfield>
    </datafield>
    <datafield tag="300" ind1=" " ind2=" ">
      <subfield code="a">182 p. : </subfield>
      <subfield code="a">126 p. : </subfield>
    </datafield>
    <datafield tag="440" ind1=" " ind2=" ">
      <subfield code="a">Santillana EGB</subfield>
      <subfield code="a">Santillana EGB</subfield>
      <subfield code="a">Santillana EGB</subfield>
      <subfield code="a">Santillana EGB</subfield>
      <subfield code="a">Santillana EGB</subfield>
      <subfield code="a">Santillana EGB</subfield>
      <subfield code="a">Santillana polimodal</subfield>
      <subfield code="a">Aula XXI Santillana</subfield>
      <subfield code="a">Aula XXI Santillana</subfield>
      <subfield code="a">Santillana EGB</subfield>
      <subfield code="a">Santillana EGB</subfield>
      <subfield code="a">Saberes clave para educadores</subfield>
      <subfield code="a">Saberes clave para educadores</subfield>
      <subfield code="a">Santillana EGB</subfield>
      <subfield code="a">Santillana EGB</subfield>
      <subfield code="a">Santillana EGB</subfield>
      <subfield code="a">Saberes clave para educadores</subfield>
      <subfield code="a">Santillana EGB</subfield>
      <subfield code="a">Santillana EGB</subfield>
      <subfield code="a">Santillana EGB</subfield>
      <subfield code="a">Santillana polimodal</subfield>
      <subfield code="a">Leer es genial. Serie iguales y diferentes</subfield>
      <subfield code="a">Leer es genial. Serie ingenio y enigmas</subfield>
      <subfield code="a">Leer es genial. Serie ayer y siempre</subfield>
      <subfield code="a">Leer es genial. Serie decir y escuchar</subfield>
      <subfield code="a">Leer es genial. Serie ingenio y enigmas</subfield>
      <subfield code="a">Leer es genial. Serie decir y escuchar</subfield>
      <subfield code="a">Santillana EGB</subfield>
      <subfield code="a">Santillana EGB</subfield>
      <subfield code="a">Santillana EGB</subfield>
      <subfield code="a">Santillana EGB</subfield>
      <subfield code="a">Santillana EGB</subfield>
      <subfield code="a">Leer es genial. Serie cuidar y querer</subfield>
      <subfield code="a">Leer es genial. Serie paz y respeto</subfield>
      <subfield code="a">Santillana hoy</subfield>
      <subfield code="a">Santillana hoy</subfield>
      <subfield code="a">Santillana hoy</subfield>
      <subfield code="a">Ideas en la cabeza</subfield>
      <subfield code="a">Aula XXI</subfield>
      <subfield code="a">Grandes éxitos de la novela histórica</subfield>
      <subfield code="a">Obras maestras de la poesía</subfield>
      <subfield code="v">24</subfield>
    </datafield>
    <datafield tag="490" ind1=" " ind2=" ">
      <subfield code="a">Santillana EGB</subfield>
      <subfield code="a">Santillana EGB</subfield>
      <subfield code="a">Santillana EGB</subfield>
      <subfield code="a">Santillana EGB</subfield>
      <subfield code="a">Santillana EGB</subfield>
      <subfield code="a">Santillana EGB</subfield>
      <subfield code="a">Santillana polimodal</subfield>
      <subfield code="a">Aula XXI Santillana</subfield>
      <subfield code="a">Aula XXI Santillana</subfield>
      <subfield code="a">Santillana EGB</subfield>
      <subfield code="a">Santillana EGB</subfield>
      <subfield code="a">Saberes clave para educadores</subfield>
      <subfield code="a">Saberes clave para educadores</subfield>
      <subfield code="a">Santillana EGB</subfield>
      <subfield code="a">Santillana EGB</subfield>
      <subfield code="a">Santillana EGB</subfield>
      <subfield code="a">Saberes clave para educadores</subfield>
      <subfield code="a">Santillana EGB</subfield>
      <subfield code="a">Santillana EGB</subfield>
      <subfield code="a">Santillana EGB</subfield>
      <subfield code="a">Santillana polimodal</subfield>
      <subfield code="a">Leer es genial. Serie iguales y diferentes</subfield>
      <subfield code="a">Leer es genial. Serie ingenio y enigmas</subfield>
      <subfield code="a">Leer es genial. Serie ayer y siempre</subfield>
      <subfield code="a">Leer es genial. Serie decir y escuchar</subfield>
      <subfield code="a">Leer es genial. Serie ingenio y enigmas</subfield>
      <subfield code="a">Leer es genial. Serie decir y escuchar</subfield>
      <subfield code="a">Santillana EGB</subfield>
      <subfield code="a">Santillana EGB</subfield>
      <subfield code="a">Santillana EGB</subfield>
      <subfield code="a">Santillana EGB</subfield>
      <subfield code="a">Santillana EGB</subfield>
      <subfield code="a">Leer es genial. Serie cuidar y querer</subfield>
      <subfield code="a">Leer es genial. Serie paz y respeto</subfield>
      <subfield code="a">Santillana hoy</subfield>
      <subfield code="a">Santillana hoy</subfield>
      <subfield code="a">Santillana hoy</subfield>
      <subfield code="a">Ideas en la cabeza</subfield>
      <subfield code="a">Aula XXI</subfield>
      <subfield code="a">Grandes éxitos de la novela histórica</subfield>
      <subfield code="a">Obras maestras de la poesía</subfield>
      <subfield code="v">24</subfield>
    </datafield>
    <datafield tag="942" ind1=" " ind2=" ">
      <subfield code="c">BK</subfield>
    </datafield>
    <datafield tag="952" ind1=" " ind2=" ">
      <subfield code="a">BIB_UARG</subfield>
      <subfield code="b">BIB_UARG</subfield>
      <subfield code="d">2005-08-23</subfield>
      <subfield code="y">BK</subfield>
      <subfield code="p">05-21627</subfield>
    </datafield>
  </record>