
  <record>
    <leader>01000aam  22002601a 4500</leader>
    <controlfield tag="001">YPZ3189</controlfield>
    <controlfield tag="003">YPZ</controlfield>
    <controlfield tag="005">200408020000000</controlfield>
    <controlfield tag="008">040802|###########||||||b||||||||||spa|d</controlfield>
    <datafield tag="020" ind1=" " ind2=" ">
      <subfield code="a">9505082878</subfield>
    </datafield>
    <datafield tag="040" ind1=" " ind2=" ">
      <subfield code="c">SIUNPA</subfield>
    </datafield>
    <datafield tag="041" ind1=" " ind2=" ">
      <subfield code="a">spa</subfield>
    </datafield>
    <datafield tag="044" ind1=" " ind2=" ">
      <subfield code="a">AR</subfield>
    </datafield>
    <datafield tag="082" ind1=" " ind2=" ">
      <subfield code="a">F347.72 F223s</subfield>
    </datafield>
    <datafield tag="100" ind1=" " ind2=" ">
      <subfield code="a">Fargosi, Horacio P..</subfield>
    </datafield>
    <datafield tag="700" ind1=" " ind2=" ">
      <subfield code="a">Romanello, Eduardo R..</subfield>
    </datafield>
    <datafield tag="245" ind1=" " ind2=" ">
      <subfield code="a">Sociedades</subfield>
    </datafield>
    <datafield tag="260" ind1=" " ind2=" ">
      <subfield code="a">Buenos Aires</subfield>
      <subfield code="b"> : Astrea</subfield>
      <subfield code="c"> , 1989</subfield>
    </datafield>
    <datafield tag="300" ind1=" " ind2=" ">
      <subfield code="a">xvii, 263 p. : </subfield>
      <subfield code="b">cuadros ; </subfield>
      <subfield code="a">xxxi, 589 p. : </subfield>
      <subfield code="a">79 p. : </subfield>
    </datafield>
    <datafield tag="440" ind1=" " ind2=" ">
      <subfield code="a">Historia y Sociedad</subfield>
      <subfield code="a">Biblioteca pedagógica. Sección I, problemática de la educación</subfield>
      <subfield code="a">Biblioteca pedagógica. Sección problemática de la educación</subfield>
      <subfield code="a">Biblioteca pedagógica. Sección problemática de la educación</subfield>
      <subfield code="a">Testigo Directo</subfield>
      <subfield code="a">Biblioteca de ciencias del hombre</subfield>
      <subfield code="a">Edicial Universidad. Lengua-Lingüística-Comunicación</subfield>
      <subfield code="a">Colección Hachette universidad. Ciencia, política, sociedad</subfield>
      <subfield code="a">Colección Edicial Universidad. Lengua - Lingüística - Comunicación</subfield>
      <subfield code="a">Edicial Universidad. Lengua-Lingüística-Comunicación</subfield>
      <subfield code="a">Edicial Universidad</subfield>
      <subfield code="a">Juegos y dinámicas</subfield>
      <subfield code="a">Colección educación y creatividad</subfield>
      <subfield code="a">Colección educación y creatividad</subfield>
      <subfield code="a">Juegos y dinámicas</subfield>
      <subfield code="a">Juegos y dinámicas</subfield>
      <subfield code="a">Colección educación y creatividad</subfield>
      <subfield code="a">Elementos del derecho comercial</subfield>
      <subfield code="v">17-18</subfield>
    </datafield>
    <datafield tag="490" ind1=" " ind2=" ">
      <subfield code="a">Historia y Sociedad</subfield>
      <subfield code="a">Biblioteca pedagógica. Sección I, problemática de la educación</subfield>
      <subfield code="a">Biblioteca pedagógica. Sección problemática de la educación</subfield>
      <subfield code="a">Biblioteca pedagógica. Sección problemática de la educación</subfield>
      <subfield code="a">Testigo Directo</subfield>
      <subfield code="a">Biblioteca de ciencias del hombre</subfield>
      <subfield code="a">Edicial Universidad. Lengua-Lingüística-Comunicación</subfield>
      <subfield code="a">Colección Hachette universidad. Ciencia, política, sociedad</subfield>
      <subfield code="a">Colección Edicial Universidad. Lengua - Lingüística - Comunicación</subfield>
      <subfield code="a">Edicial Universidad. Lengua-Lingüística-Comunicación</subfield>
      <subfield code="a">Edicial Universidad</subfield>
      <subfield code="a">Juegos y dinámicas</subfield>
      <subfield code="a">Colección educación y creatividad</subfield>
      <subfield code="a">Colección educación y creatividad</subfield>
      <subfield code="a">Juegos y dinámicas</subfield>
      <subfield code="a">Juegos y dinámicas</subfield>
      <subfield code="a">Colección educación y creatividad</subfield>
      <subfield code="a">Elementos del derecho comercial</subfield>
      <subfield code="v">17-18</subfield>
    </datafield>
    <datafield tag="942" ind1=" " ind2=" ">
      <subfield code="c">BK</subfield>
    </datafield>
    <datafield tag="952" ind1=" " ind2=" ">
      <subfield code="a">BIB_UACO</subfield>
      <subfield code="b">BIB_UACO</subfield>
      <subfield code="d">2005-08-23</subfield>
      <subfield code="y">BK</subfield>
      <subfield code="p">02-24592</subfield>
    </datafield>
  </record>