
  <record>
    <leader>01000aam  22002601a 4500</leader>
    <controlfield tag="001">YPZ3279</controlfield>
    <controlfield tag="003">YPZ</controlfield>
    <controlfield tag="005">200404290000000</controlfield>
    <controlfield tag="008">040429|###########||||||b||||||||||spa|d</controlfield>
    <datafield tag="020" ind1=" " ind2=" ">
      <subfield code="a">9505340400</subfield>
    </datafield>
    <datafield tag="040" ind1=" " ind2=" ">
      <subfield code="c">SIUNPA</subfield>
    </datafield>
    <datafield tag="041" ind1=" " ind2=" ">
      <subfield code="a">spa</subfield>
    </datafield>
    <datafield tag="044" ind1=" " ind2=" ">
      <subfield code="a">AR</subfield>
    </datafield>
    <datafield tag="082" ind1=" " ind2=" ">
      <subfield code="a">347.736 L683l10</subfield>
    </datafield>
    <datafield tag="110" ind1=" " ind2=" ">
      <subfield code="a">Argentina. Leyes, etc..</subfield>
    </datafield>
    <datafield tag="240" ind1=" " ind2=" ">
      <subfield code="a">[Ley 24.522]</subfield>
    </datafield>
    <datafield tag="245" ind1=" " ind2=" ">
      <subfield code="a">Ley de concursos y quiebras</subfield>
    </datafield>
    <datafield tag="250" ind1=" " ind2=" ">
      <subfield code="a">10a ed.</subfield>
    </datafield>
    <datafield tag="260" ind1=" " ind2=" ">
      <subfield code="a">Buenos Aires</subfield>
      <subfield code="b"> : A-Z Editora</subfield>
      <subfield code="c"> , 1996</subfield>
    </datafield>
    <datafield tag="440" ind1=" " ind2=" ">
      <subfield code="a">Textos legales Astrea</subfield>
      <subfield code="a">Textos legales Astrea</subfield>
      <subfield code="a">Textos legales Astrea</subfield>
      <subfield code="a">Biblioteca Cortázar</subfield>
      <subfield code="a">Biblioteca Cortázar</subfield>
      <subfield code="a">Alfaguara/Infantil</subfield>
      <subfield code="a">Faltó el profe</subfield>
      <subfield code="a">Faltó el profe</subfield>
      <subfield code="a">El club de los eco amigos</subfield>
      <subfield code="a">El club de los eco amigos</subfield>
      <subfield code="a">Faltó el profe</subfield>
      <subfield code="a">Alfaguara/Infantil</subfield>
      <subfield code="a">Alfaguara/infantil-juvenil</subfield>
      <subfield code="a">Alfaguara/infantil-juvenil</subfield>
      <subfield code="a">Faltó el profe</subfield>
      <subfield code="a">Nueva dimensión argentina</subfield>
      <subfield code="a">Alfaguara/Infantil</subfield>
      <subfield code="a">Faltó el profe</subfield>
      <subfield code="a">Próxima parada Alfaguara</subfield>
      <subfield code="a">Taurus pensamiento</subfield>
      <subfield code="a">Próxima parada Alfaguara</subfield>
      <subfield code="a">Próxima parada Alfaguara</subfield>
      <subfield code="a">Próxima parada Alfaguara</subfield>
      <subfield code="a">Próxima parada Alfaguara</subfield>
      <subfield code="a">Alfaguara/Juvenil</subfield>
      <subfield code="a">Próxima parada Alfaguara</subfield>
      <subfield code="a">Alfaguara/Juvenil</subfield>
      <subfield code="a">Alfaguara/Juvenil</subfield>
      <subfield code="a">Biblioteca Héctor Tizón</subfield>
      <subfield code="a">Biblioteca de Sociología</subfield>
      <subfield code="a">Biblioteca de Sociología</subfield>
      <subfield code="a">Biblioteca de Sociología</subfield>
      <subfield code="a">Biblioteca de Sociología</subfield>
      <subfield code="a">Biblioteca de sociología</subfield>
      <subfield code="a">Biblioteca de sociología</subfield>
      <subfield code="a">Biblioteca de Psicología y Psicoanálisis</subfield>
      <subfield code="a">Biblioteca de sociología</subfield>
      <subfield code="a">Biblioteca de Sociología</subfield>
      <subfield code="a">Biblioteca de Psicología y Psicoanálisis</subfield>
      <subfield code="a">Biblioteca de Psicología y Psicoanálisis</subfield>
      <subfield code="a">Biblioteca de Psicología y Psicoanálisis</subfield>
      <subfield code="a">Biblioteca de Psicología y Psicoanálisis</subfield>
      <subfield code="a">Biblioteca de Psicología y Psicoanálisis</subfield>
      <subfield code="a">Biblioteca de Psicología y Psicoanálisis</subfield>
      <subfield code="a">Biblioteca de Psicología y Psicoanálisis</subfield>
      <subfield code="a">Biblioteca de Psicología y Psicoanálisis</subfield>
      <subfield code="a">Biblioteca de economía</subfield>
      <subfield code="a">Biblioteca de comunicación, cultura y medios</subfield>
      <subfield code="a">Biblioteca de comunicación, cultura y medios</subfield>
      <subfield code="a">Agenda educativa</subfield>
      <subfield code="a">Agenda educativa</subfield>
      <subfield code="a">Agenda educativa</subfield>
      <subfield code="a">Colección Agenda educativa</subfield>
      <subfield code="a">Leyes A-Z</subfield>
      <subfield code="v">2</subfield>
    </datafield>
    <datafield tag="490" ind1=" " ind2=" ">
      <subfield code="a">Textos legales Astrea</subfield>
      <subfield code="a">Textos legales Astrea</subfield>
      <subfield code="a">Textos legales Astrea</subfield>
      <subfield code="a">Biblioteca Cortázar</subfield>
      <subfield code="a">Biblioteca Cortázar</subfield>
      <subfield code="a">Alfaguara/Infantil</subfield>
      <subfield code="a">Faltó el profe</subfield>
      <subfield code="a">Faltó el profe</subfield>
      <subfield code="a">El club de los eco amigos</subfield>
      <subfield code="a">El club de los eco amigos</subfield>
      <subfield code="a">Faltó el profe</subfield>
      <subfield code="a">Alfaguara/Infantil</subfield>
      <subfield code="a">Alfaguara/infantil-juvenil</subfield>
      <subfield code="a">Alfaguara/infantil-juvenil</subfield>
      <subfield code="a">Faltó el profe</subfield>
      <subfield code="a">Nueva dimensión argentina</subfield>
      <subfield code="a">Alfaguara/Infantil</subfield>
      <subfield code="a">Faltó el profe</subfield>
      <subfield code="a">Próxima parada Alfaguara</subfield>
      <subfield code="a">Taurus pensamiento</subfield>
      <subfield code="a">Próxima parada Alfaguara</subfield>
      <subfield code="a">Próxima parada Alfaguara</subfield>
      <subfield code="a">Próxima parada Alfaguara</subfield>
      <subfield code="a">Próxima parada Alfaguara</subfield>
      <subfield code="a">Alfaguara/Juvenil</subfield>
      <subfield code="a">Próxima parada Alfaguara</subfield>
      <subfield code="a">Alfaguara/Juvenil</subfield>
      <subfield code="a">Alfaguara/Juvenil</subfield>
      <subfield code="a">Biblioteca Héctor Tizón</subfield>
      <subfield code="a">Biblioteca de Sociología</subfield>
      <subfield code="a">Biblioteca de Sociología</subfield>
      <subfield code="a">Biblioteca de Sociología</subfield>
      <subfield code="a">Biblioteca de Sociología</subfield>
      <subfield code="a">Biblioteca de sociología</subfield>
      <subfield code="a">Biblioteca de sociología</subfield>
      <subfield code="a">Biblioteca de Psicología y Psicoanálisis</subfield>
      <subfield code="a">Biblioteca de sociología</subfield>
      <subfield code="a">Biblioteca de Sociología</subfield>
      <subfield code="a">Biblioteca de Psicología y Psicoanálisis</subfield>
      <subfield code="a">Biblioteca de Psicología y Psicoanálisis</subfield>
      <subfield code="a">Biblioteca de Psicología y Psicoanálisis</subfield>
      <subfield code="a">Biblioteca de Psicología y Psicoanálisis</subfield>
      <subfield code="a">Biblioteca de Psicología y Psicoanálisis</subfield>
      <subfield code="a">Biblioteca de Psicología y Psicoanálisis</subfield>
      <subfield code="a">Biblioteca de Psicología y Psicoanálisis</subfield>
      <subfield code="a">Biblioteca de Psicología y Psicoanálisis</subfield>
      <subfield code="a">Biblioteca de economía</subfield>
      <subfield code="a">Biblioteca de comunicación, cultura y medios</subfield>
      <subfield code="a">Biblioteca de comunicación, cultura y medios</subfield>
      <subfield code="a">Agenda educativa</subfield>
      <subfield code="a">Agenda educativa</subfield>
      <subfield code="a">Agenda educativa</subfield>
      <subfield code="a">Colección Agenda educativa</subfield>
      <subfield code="a">Leyes A-Z</subfield>
      <subfield code="v">2</subfield>
    </datafield>
    <datafield tag="942" ind1=" " ind2=" ">
      <subfield code="c">BK</subfield>
    </datafield>
    <datafield tag="952" ind1=" " ind2=" ">
      <subfield code="a">BIB_UACO</subfield>
      <subfield code="b">BIB_UACO</subfield>
      <subfield code="d">2005-08-23</subfield>
      <subfield code="y">BK</subfield>
      <subfield code="p">02-02225</subfield>
    </datafield>
  </record>