
  <record>
    <leader>01000aam  22002601a 4500</leader>
    <controlfield tag="001">YPZ3400</controlfield>
    <controlfield tag="003">YPZ</controlfield>
    <controlfield tag="005">200404290000000</controlfield>
    <controlfield tag="008">040429|###########||||||b||||||||||spa|d</controlfield>
    <datafield tag="020" ind1=" " ind2=" ">
      <subfield code="a">9505562602</subfield>
    </datafield>
    <datafield tag="020" ind1=" " ind2=" ">
      <subfield code="a">9789505562602</subfield>
    </datafield>
    <datafield tag="040" ind1=" " ind2=" ">
      <subfield code="c">SIUNPA</subfield>
    </datafield>
    <datafield tag="041" ind1=" " ind2=" ">
      <subfield code="a">spa</subfield>
    </datafield>
    <datafield tag="044" ind1=" " ind2=" ">
      <subfield code="a">AR</subfield>
    </datafield>
    <datafield tag="082" ind1=" " ind2=" ">
      <subfield code="a">37(82)(091) H673h 1</subfield>
    </datafield>
    <datafield tag="100" ind1=" " ind2=" ">
      <subfield code="a">Puiggrós, Adriana.</subfield>
    </datafield>
    <datafield tag="245" ind1=" " ind2=" ">
      <subfield code="a">Sujetos, disciplina y curriculum en los orígenes del sistema educativo argentino</subfield>
    </datafield>
    <datafield tag="260" ind1=" " ind2=" ">
      <subfield code="a">Buenos Aires</subfield>
      <subfield code="b"> : Galerna</subfield>
      <subfield code="c"> , 1990</subfield>
    </datafield>
    <datafield tag="440" ind1=" " ind2=" ">
      <subfield code="a">Colección biblioteca Macchi para las PyMEs</subfield>
      <subfield code="a">Temas de contabilidad</subfield>
      <subfield code="a">Respuestas educativas</subfield>
      <subfield code="a">Colección respuestas educativas</subfield>
      <subfield code="a">Colección respuestas educativas. Serie Eureka</subfield>
      <subfield code="a">Respuestas educativas</subfield>
      <subfield code="a">Colección respuestas educativas. Serie las Ciencias Naturales en la EGB</subfield>
      <subfield code="a">Colección respuestas educativas</subfield>
      <subfield code="a">Colección respuestas educativas. Serie Aula EGB</subfield>
      <subfield code="a">Respuestas educativas</subfield>
      <subfield code="a">Respuestas educativas</subfield>
      <subfield code="a">Respuestas educativas</subfield>
      <subfield code="a">Respuestas educativas</subfield>
      <subfield code="a">Respuestas educativas</subfield>
      <subfield code="a">Management para el año 2000</subfield>
      <subfield code="a">Historia de la educación en la Argentina</subfield>
      <subfield code="v">1</subfield>
    </datafield>
    <datafield tag="490" ind1=" " ind2=" ">
      <subfield code="a">Colección biblioteca Macchi para las PyMEs</subfield>
      <subfield code="a">Temas de contabilidad</subfield>
      <subfield code="a">Respuestas educativas</subfield>
      <subfield code="a">Colección respuestas educativas</subfield>
      <subfield code="a">Colección respuestas educativas. Serie Eureka</subfield>
      <subfield code="a">Respuestas educativas</subfield>
      <subfield code="a">Colección respuestas educativas. Serie las Ciencias Naturales en la EGB</subfield>
      <subfield code="a">Colección respuestas educativas</subfield>
      <subfield code="a">Colección respuestas educativas. Serie Aula EGB</subfield>
      <subfield code="a">Respuestas educativas</subfield>
      <subfield code="a">Respuestas educativas</subfield>
      <subfield code="a">Respuestas educativas</subfield>
      <subfield code="a">Respuestas educativas</subfield>
      <subfield code="a">Respuestas educativas</subfield>
      <subfield code="a">Management para el año 2000</subfield>
      <subfield code="a">Historia de la educación en la Argentina</subfield>
      <subfield code="v">1</subfield>
    </datafield>
    <datafield tag="500" ind1=" " ind2=" ">
      <subfield code="a">Tít. de cubierta: Sujetos, disciplina y currículo en los origenes del sistema educativo argentino (1885-1916)</subfield>
    </datafield>
    <datafield tag="500" ind1=" " ind2=" ">
      <subfield code="a">El año de reimpresión varía según el ejemplar</subfield>
    </datafield>
    <datafield tag="942" ind1=" " ind2=" ">
      <subfield code="c">BK</subfield>
    </datafield>
    <datafield tag="952" ind1=" " ind2=" ">
      <subfield code="a">BIB_UACO</subfield>
      <subfield code="b">BIB_UACO</subfield>
      <subfield code="d">2005-08-23</subfield>
      <subfield code="y">BK</subfield>
      <subfield code="p">02-23287</subfield>
    </datafield>
    <datafield tag="952" ind1=" " ind2=" ">
      <subfield code="a">BIB_UACO</subfield>
      <subfield code="b">BIB_UACO</subfield>
      <subfield code="d">2005-08-23</subfield>
      <subfield code="y">BK</subfield>
      <subfield code="p">02-23288</subfield>
    </datafield>
    <datafield tag="952" ind1=" " ind2=" ">
      <subfield code="a">BIB_UART</subfield>
      <subfield code="b">BIB_UART</subfield>
      <subfield code="d">2006-11-10</subfield>
      <subfield code="y">BK</subfield>
      <subfield code="p">03-00410</subfield>
    </datafield>
    <datafield tag="952" ind1=" " ind2=" ">
      <subfield code="a">BIB_UART</subfield>
      <subfield code="b">BIB_UART</subfield>
      <subfield code="d">2006-11-10</subfield>
      <subfield code="y">BK</subfield>
      <subfield code="p">03-00411</subfield>
    </datafield>
    <datafield tag="952" ind1=" " ind2=" ">
      <subfield code="a">BIB_UARG</subfield>
      <subfield code="b">BIB_UARG</subfield>
      <subfield code="d">2006-08-28</subfield>
      <subfield code="y">BK</subfield>
      <subfield code="p">05-15136</subfield>
    </datafield>
    <datafield tag="952" ind1=" " ind2=" ">
      <subfield code="a">BIB_UARG</subfield>
      <subfield code="b">BIB_UARG</subfield>
      <subfield code="d">2006-09-18</subfield>
      <subfield code="y">BK</subfield>
      <subfield code="p">05-30794</subfield>
    </datafield>
    <datafield tag="952" ind1=" " ind2=" ">
      <subfield code="a">BIB_UARG</subfield>
      <subfield code="b">BIB_UARG</subfield>
      <subfield code="d">2007-04-11</subfield>
      <subfield code="y">BK</subfield>
      <subfield code="p">05-31783</subfield>
    </datafield>
  </record>