
  <record>
    <leader>01000aam  22002601a 4500</leader>
    <controlfield tag="001">YPZ3489</controlfield>
    <controlfield tag="003">YPZ</controlfield>
    <controlfield tag="005">200404290000000</controlfield>
    <controlfield tag="008">040429|###########||||||b||||||||||spa|d</controlfield>
    <datafield tag="020" ind1=" " ind2=" ">
      <subfield code="a">9505820275</subfield>
    </datafield>
    <datafield tag="040" ind1=" " ind2=" ">
      <subfield code="c">SIUNPA</subfield>
    </datafield>
    <datafield tag="041" ind1=" " ind2=" ">
      <subfield code="a">spa</subfield>
    </datafield>
    <datafield tag="044" ind1=" " ind2=" ">
      <subfield code="a">AR</subfield>
    </datafield>
    <datafield tag="082" ind1=" " ind2=" ">
      <subfield code="a">37.015.3  M357p5</subfield>
    </datafield>
    <datafield tag="100" ind1=" " ind2=" ">
      <subfield code="a">Márquez, Ángel Diego.</subfield>
    </datafield>
    <datafield tag="245" ind1=" " ind2=" ">
      <subfield code="a">Psicología y didáctica operatoria</subfield>
    </datafield>
    <datafield tag="250" ind1=" " ind2=" ">
      <subfield code="a">5a ed.</subfield>
    </datafield>
    <datafield tag="260" ind1=" " ind2=" ">
      <subfield code="a">Buenos Aires</subfield>
      <subfield code="b"> : Humanitas</subfield>
      <subfield code="c"> , 1994</subfield>
    </datafield>
    <datafield tag="300" ind1=" " ind2=" ">
      <subfield code="a">126 p. : </subfield>
    </datafield>
    <datafield tag="440" ind1=" " ind2=" ">
      <subfield code="a">Cuentos del pajarito remendado</subfield>
      <subfield code="a">Libros del malabarista</subfield>
      <subfield code="a">Libros del malabarista</subfield>
      <subfield code="a">Libros del malabarista</subfield>
      <subfield code="a">Libros del malabarista</subfield>
      <subfield code="a">Libros del malabarista</subfield>
      <subfield code="a">Libros del malabarista</subfield>
      <subfield code="a">Colección nuevos caminos</subfield>
      <subfield code="a">Colección nuevos caminos</subfield>
      <subfield code="a">Musarisca</subfield>
      <subfield code="a">Nuevos caminos en educación inicial</subfield>
      <subfield code="a">Nuevos caminos en educación inicial</subfield>
      <subfield code="a">Nuevos caminos en educación inicial</subfield>
      <subfield code="a">Nuevos caminos en educación inicial</subfield>
      <subfield code="a">Nuevos caminos en educación inicial</subfield>
      <subfield code="a">Nuevos caminos en educación inicial</subfield>
      <subfield code="a">Del arco iris. Ensayos de historia urbana</subfield>
      <subfield code="a">Colihue universidad. Filosofía</subfield>
      <subfield code="a">Colihue universidad. Filosofía</subfield>
      <subfield code="a">Colihue universidad. Sociología</subfield>
      <subfield code="a">Colección de periodismo y comunicación</subfield>
      <subfield code="a">Educación hoy y mañana</subfield>
      <subfield code="v">6</subfield>
    </datafield>
    <datafield tag="490" ind1=" " ind2=" ">
      <subfield code="a">Cuentos del pajarito remendado</subfield>
      <subfield code="a">Libros del malabarista</subfield>
      <subfield code="a">Libros del malabarista</subfield>
      <subfield code="a">Libros del malabarista</subfield>
      <subfield code="a">Libros del malabarista</subfield>
      <subfield code="a">Libros del malabarista</subfield>
      <subfield code="a">Libros del malabarista</subfield>
      <subfield code="a">Colección nuevos caminos</subfield>
      <subfield code="a">Colección nuevos caminos</subfield>
      <subfield code="a">Musarisca</subfield>
      <subfield code="a">Nuevos caminos en educación inicial</subfield>
      <subfield code="a">Nuevos caminos en educación inicial</subfield>
      <subfield code="a">Nuevos caminos en educación inicial</subfield>
      <subfield code="a">Nuevos caminos en educación inicial</subfield>
      <subfield code="a">Nuevos caminos en educación inicial</subfield>
      <subfield code="a">Nuevos caminos en educación inicial</subfield>
      <subfield code="a">Del arco iris. Ensayos de historia urbana</subfield>
      <subfield code="a">Colihue universidad. Filosofía</subfield>
      <subfield code="a">Colihue universidad. Filosofía</subfield>
      <subfield code="a">Colihue universidad. Sociología</subfield>
      <subfield code="a">Colección de periodismo y comunicación</subfield>
      <subfield code="a">Educación hoy y mañana</subfield>
      <subfield code="v">6</subfield>
    </datafield>
    <datafield tag="942" ind1=" " ind2=" ">
      <subfield code="c">BK</subfield>
    </datafield>
    <datafield tag="952" ind1=" " ind2=" ">
      <subfield code="a">BIB_UART</subfield>
      <subfield code="b">BIB_UART</subfield>
      <subfield code="d">2006-11-10</subfield>
      <subfield code="y">BK</subfield>
      <subfield code="p">03-01829</subfield>
    </datafield>
    <datafield tag="952" ind1=" " ind2=" ">
      <subfield code="a">SAT_CLFT</subfield>
      <subfield code="b">SAT_CLFT</subfield>
      <subfield code="d">2005-08-23</subfield>
      <subfield code="y">BK</subfield>
      <subfield code="p">12-20267</subfield>
    </datafield>
  </record>